<record><leader>00000cas a2200000Ma 4500</leader><controlfield tag="001">10946559</controlfield><controlfield tag="008">840713d18321832nhuwr ne      0    0eng d</controlfield><controlfield tag="009">330</controlfield><datafield ind1=" " ind2=" " tag="010"><subfield code="a">sn 84023685 </subfield></datafield><datafield ind1=" " ind2=" " tag="040"><subfield code="a">AQM</subfield><subfield code="c">AQM</subfield></datafield><datafield ind1="0" ind2=" " tag="130"><subfield code="a">Reformer (Gilford, N.H.)</subfield></datafield><datafield ind1="0" ind2="4" tag="245"><subfield code="a">The reformer.</subfield></datafield><datafield ind1="0" ind2="3" tag="246"><subfield code="a">Strafford sentinel</subfield></datafield><datafield ind1="0" ind2="3" tag="246"><subfield code="a">Reformer and Strafford sentinel</subfield></datafield><datafield ind1=" " ind2=" " tag="260"><subfield code="a">Gilford, N.H. :</subfield><subfield code="b">Rollins &amp; Jackson,</subfield><subfield code="c">1832-</subfield></datafield><datafield ind1=" " ind2=" " tag="300"><subfield code="a">v.</subfield></datafield><datafield ind1=" " ind2=" " tag="310"><subfield code="a">Weekly</subfield></datafield><datafield ind1="0" ind2=" " tag="362"><subfield code="a">Vol. 1, no. 1 (Feb. 14, 1832)-</subfield></datafield><datafield ind1="1" ind2=" " tag="362"><subfield code="a">Ceased in July 1832.</subfield><subfield code="z">Cf. Amer. newspapers, 1821-1936.</subfield></datafield><datafield ind1=" " ind2=" " tag="500"><subfield code="a">Second banner on p. [3] with title: Strafford sentinel; prospectus gives intended title as: Reformer and Strafford sentinel.</subfield></datafield><datafield ind1=" " ind2="7" tag="655"><subfield code="a">Newspapers.</subfield><subfield code="2">rbgenr</subfield></datafield><datafield ind1=" " ind2=" " tag="752"><subfield code="a">United States</subfield><subfield code="b">New Hampshire</subfield><subfield code="c">Strafford</subfield><subfield code="d">Gilford.</subfield></datafield></record>